<record><leader>00000cas a22000007a 4500</leader><controlfield tag="001">19946629</controlfield><controlfield tag="008">890629d19631968nduwr ne      0    0eng d</controlfield><datafield ind1=" " ind2=" " tag="010"><subfield code="a">sn 88076377 </subfield></datafield><datafield ind1=" " ind2=" " tag="040"><subfield code="a">NOP</subfield><subfield code="b">eng</subfield><subfield code="c">NOP</subfield><subfield code="d">OCLCQ</subfield></datafield><datafield ind1=" " ind2=" " tag="042"><subfield code="a">msc</subfield></datafield><datafield ind1="0" ind2=" " tag="130"><subfield code="a">Prairie press (Gwinner, N.D.)</subfield></datafield><datafield ind1="1" ind2="4" tag="245"><subfield code="a">The prairie press.</subfield></datafield><datafield ind1=" " ind2=" " tag="260"><subfield code="a">Gwinner, Sargent County, N.D. :</subfield><subfield code="b">Prairie Press</subfield></datafield><datafield ind1=" " ind2=" " tag="300"><subfield code="a">v. :</subfield><subfield code="b">ill. ;</subfield><subfield code="c">55 cm.</subfield></datafield><datafield ind1=" " ind2=" " tag="310"><subfield code="a">Weekly</subfield></datafield><datafield ind1="1" ind2=" " tag="362"><subfield code="a">Began July 4, 1963.</subfield></datafield><datafield ind1="0" ind2=" " tag="362"><subfield code="a">-v. 5, no. 37 (Feb. 29, 1968).</subfield></datafield><datafield ind1=" " ind2=" " tag="500"><subfield code="a">Although datelined Gwinner, paper is published in Milnor, N.D.</subfield></datafield><datafield ind1=" " ind2=" " tag="530"><subfield code="a">Available on microfilm from the State Historical Society of North Dakota.</subfield></datafield><datafield ind1=" " ind2=" " tag="588"><subfield code="a">Description based on: Vol. 1, no. 30 (Jan. 23, 1964).</subfield></datafield><datafield ind1=" " ind2=" " tag="752"><subfield code="a">United States</subfield><subfield code="b">North Dakota</subfield><subfield code="c">Sargent</subfield><subfield code="d">Gwinner.</subfield></datafield><datafield ind1=" " ind2=" " tag="752"><subfield code="a">United States</subfield><subfield code="b">North Dakota</subfield><subfield code="c">Sargent</subfield><subfield code="d">Milnor.</subfield></datafield><datafield ind1="0" ind2="4" tag="785"><subfield code="t">Sargent County teller</subfield><subfield code="w">(DLC)sn 88076374</subfield></datafield><datafield ind1="1" ind2=" " tag="029"><subfield code="a">AU@</subfield><subfield code="b">000025837916</subfield></datafield></record>